[gd_scene load_steps=4 format=2]

[ext_resource path="res://PausePanel/PausePanel.gd" type="Script" id=1]
[ext_resource path="res://ScreenBackground/ScreenBackground.tscn" type="PackedScene" id=2]
[ext_resource path="res://Themes/futur.theme" type="Theme" id=3]

[node name="PausePanel" type="CanvasLayer"]
script = ExtResource( 1 )

[node name="Panel" type="Panel" parent="."]
anchor_left = 0.5
anchor_top = 0.5
anchor_right = 0.5
anchor_bottom = 0.5
margin_left = -351.0
margin_top = -215.5
margin_right = 351.0
margin_bottom = 215.5
__meta__ = {
"_edit_use_anchors_": false
}

[node name="ScreenBackground" parent="Panel" instance=ExtResource( 2 )]

[node name="VBoxContainer" type="VBoxContainer" parent="Panel"]
anchor_top = 0.5
anchor_right = 1.0
anchor_bottom = 0.5
margin_top = -85.5
margin_bottom = 85.5
__meta__ = {
"_edit_use_anchors_": false
}

[node name="Play" type="Button" parent="Panel/VBoxContainer"]
margin_right = 702.0
margin_bottom = 31.0
theme = ExtResource( 3 )
text = "REPRENDRE"

[node name="HSeparator" type="HSeparator" parent="Panel/VBoxContainer"]
margin_top = 35.0
margin_right = 702.0
margin_bottom = 39.0

[node name="Save" type="Button" parent="Panel/VBoxContainer"]
margin_top = 43.0
margin_right = 702.0
margin_bottom = 74.0
theme = ExtResource( 3 )
text = "SAUVEGARDER"

[node name="HSeparator2" type="HSeparator" parent="Panel/VBoxContainer"]
margin_top = 78.0
margin_right = 702.0
margin_bottom = 82.0

[node name="Load" type="Button" parent="Panel/VBoxContainer"]
margin_top = 86.0
margin_right = 702.0
margin_bottom = 117.0
theme = ExtResource( 3 )
text = "CHARGER"

[node name="HSeparator3" type="HSeparator" parent="Panel/VBoxContainer"]
margin_top = 121.0
margin_right = 702.0
margin_bottom = 125.0

[node name="BackMainMenu" type="Button" parent="Panel/VBoxContainer"]
margin_top = 129.0
margin_right = 702.0
margin_bottom = 160.0
theme = ExtResource( 3 )
text = "RETOUR MENU"

[node name="HSeparator4" type="HSeparator" parent="Panel/VBoxContainer"]
margin_top = 164.0
margin_right = 702.0
margin_bottom = 168.0

[node name="Quit" type="Button" parent="Panel/VBoxContainer"]
margin_top = 172.0
margin_right = 702.0
margin_bottom = 203.0
theme = ExtResource( 3 )
text = "QUITTER LE JEU"
[connection signal="button_down" from="Panel/VBoxContainer/Play" to="." method="_on_Play_button_down"]
[connection signal="button_down" from="Panel/VBoxContainer/Save" to="." method="_on_Save_button_down"]
[connection signal="button_down" from="Panel/VBoxContainer/Load" to="." method="_on_Load_button_down"]
[connection signal="button_down" from="Panel/VBoxContainer/BackMainMenu" to="." method="_on_BackMainMenu_button_down"]
[connection signal="button_down" from="Panel/VBoxContainer/Quit" to="." method="_on_Quit_button_down"]
